@inproceedings{banerjee2005meteor,
  title={METEOR: An Automatic Metric for MT Evaluation with Improved Correlation with Human Judgments},
  author={Banerjee, Satanjeev and Lavie, Alon},
  booktitle={Proceedings of the ACL Workshop on Intrinsic and Extrinsic Evaluation Measures for Machine Translation and/or Summarization},
  pages={65--72},
  year={2005},
  organization={Association for Computational Linguistics},
  address={Ann Arbor, Michigan},
  month={June}
}
@inproceedings{clark2020electra,
  title={ELECTRA: Pre-training Text Encoders as Discriminators Rather Than Generators},
  author={Clark, Kevin and Luong, Minh-Thang and Le, Quoc V. and Manning, Christopher D.},
  booktitle={Proceedings of the International Conference on Learning Representations (ICLR)},
  year={2020}
}

@inproceedings{jia2017adversarial,
  title={Adversarial Examples for Evaluating Reading Comprehension Systems},
  author={Jia, Robin and Liang, Percy},
  booktitle={Proceedings of the 2017 Conference on Empirical Methods in Natural Language Processing},
  pages={2021--2031},
  year={2017},
  organization={Association for Computational Linguistics},
  address={Copenhagen, Denmark},
  month={September}
}

@inproceedings{lin2004rouge,
  title={ROUGE: A Package for Automatic Evaluation of Summaries},
  author={Lin, Chin-Yew},
  booktitle={Text Summarization Branches Out},
  pages={74--81},
  year={2004},
  organization={Association for Computational Linguistics},
  address={Barcelona, Spain},
  month={July}
}

@article{liu2019roberta,
  title={RoBERTa: A robustly optimized BERT pretraining approach},
  author={Liu, Yinhan and Ott, Myle and Goyal, Naman and Du, Jingfei and Joshi, Mandar and Chen, Danqi and Levy, Omer and Lewis, M. and Zettlemoyer, Luke and Stoyanov, Veselin},
  journal={arXiv preprint arXiv:1907.11692},
  year={2019}
}

@article{liu2020adversarial,
  title={Adversarial Training for Large Neural Language Models},
  author={Liu, Xiaodong and Cheng, Hao and He, Pengcheng and Chen, Weizhu and Wang, Yu and Poon, Hoifung and Gao, Jianfeng},
  journal={arXiv preprint arXiv:2004.08994},
  year={2020}
}

@inproceedings{rajpurkar2016squad,
  title={SQuAD: 100,000+ questions for machine comprehension of text},
  author={Rajpurkar, Pranav and Zhang, Jian and Lopyrev, Konstantin and Liang, Percy},
  booktitle={Proceedings of the 2016 Conference on Empirical Methods in Natural Language Processing},
  pages={2383--2392},
  year={2016},
  organization={Association for Computational Linguistics},
  address={Austin, Texas},
  month={November}
}

@inproceedings{ribeiro2020checklist,
  title={Beyond accuracy: Behavioral testing of NLP models with CheckList},
  author={Ribeiro, Marco Tulio and Wu, Tongshuang and Guestrin, Carlos and Singh, Sameer},
  booktitle={Proceedings of the 58th Annual Meeting of the Association for Computational Linguistics},
  pages={4902--4912},
  year={2020},
  organization={Association for Computational Linguistics},
  address={Online},
  month={July}
}

@inproceedings{wallace2019universal,
  title={Universal adversarial triggers for attacking and analyzing NLP},
  author={Wallace, Eric and Feng, Shi and Kandpal, Nikhil and Gardner, Matt and Singh, Sameer},
  booktitle={Proceedings of the 2019 Conference on Empirical Methods in Natural Language Processing and the 9th International Joint Conference on Natural Language Processing},
  year={2019}
}

@misc{ethayarajh2019contextual,
  title={How Contextual are Contextualized Word Representations? Comparing the Geometry of BERT, ELMo, and GPT-2 Embeddings},
  author={Kawin Ethayarajh},
  year={2019},
  eprint={1909.00512},
  archivePrefix={arXiv},
  primaryClass={cs.CL}
}

@inproceedings{yacouby2020probabilistic,
  title={Probabilistic extension of precision, recall, and F1 score for more thorough evaluation of classification models},
  author={Yacouby, Reda and Axman, Dustin},
  booktitle={Proceedings of the first workshop on evaluation and comparison of NLP systems},
  pages={79--91},
  year={2020}
}